<record><leader>00000cas a2200000 a 4500</leader><controlfield tag="001">28739053</controlfield><controlfield tag="008">930902c19939999cauwr n       0   a0eng c</controlfield><datafield ind1=" " ind2=" " tag="010"><subfield code="a">sn 93004234 </subfield></datafield><datafield ind1=" " ind2=" " tag="040"><subfield code="a">CSB</subfield><subfield code="b">eng</subfield><subfield code="c">CSB</subfield><subfield code="d">NSD</subfield><subfield code="d">CNK</subfield><subfield code="d">OCLCQ</subfield><subfield code="d">CNK</subfield><subfield code="d">OCLCQ</subfield><subfield code="d">OCLCF</subfield><subfield code="d">OCLCO</subfield></datafield><datafield ind1=" " ind2=" " tag="012"><subfield code="m">1</subfield></datafield><datafield ind1="1" ind2=" " tag="022"><subfield code="a">1073-6867</subfield><subfield code="l">1073-6867</subfield><subfield code="2">1</subfield></datafield><datafield ind1="1" ind2=" " tag="029"><subfield code="a">AU@</subfield><subfield code="b">000025885532</subfield></datafield><datafield ind1=" " ind2=" " tag="032"><subfield code="a">055780</subfield><subfield code="b">USPS</subfield></datafield><datafield ind1=" " ind2=" " tag="042"><subfield code="a">nsdp</subfield><subfield code="a">pcc</subfield></datafield><datafield ind1=" " ind2="0" tag="222"><subfield code="a">Big Bear grizzly</subfield></datafield><datafield ind1="0" ind2="0" tag="245"><subfield code="a">Big Bear grizzly.</subfield></datafield><datafield ind1=" " ind2=" " tag="260"><subfield code="a">Big Bear Lake, Calif. :</subfield><subfield code="b">High Desert Pub. Co.,</subfield><subfield code="c">1993-</subfield></datafield><datafield ind1=" " ind2=" " tag="300"><subfield code="a">v. :</subfield><subfield code="b">ill. ;</subfield><subfield code="c">58 cm.</subfield></datafield><datafield ind1=" " ind2=" " tag="310"><subfield code="a">Weekly</subfield></datafield><datafield ind1="0" ind2=" " tag="362"><subfield code="a">Vol. 52, no. 39 (June 16, 1993)-</subfield></datafield><datafield ind1=" " ind2=" " tag="530"><subfield code="a">Positive films are available for duplication from:</subfield><subfield code="b">California Newspaper Microfilm Archive;</subfield><subfield code="c">copies may be purchased by the reel; for further information consult the CNMA at:</subfield><subfield code="u">http://cbsr.ucr.edu</subfield></datafield><datafield ind1=" " ind2="0" tag="651"><subfield code="a">Big Bear Lake (Calif.)</subfield><subfield code="v">Newspapers.</subfield></datafield><datafield ind1=" " ind2="7" tag="655"><subfield code="a">Newspapers.</subfield><subfield code="2">fast</subfield><subfield code="0">(OCoLC)fst01423814</subfield></datafield><datafield ind1=" " ind2="7" tag="651"><subfield code="a">California</subfield><subfield code="z">Big Bear Lake.</subfield><subfield code="2">fast</subfield><subfield code="0">(OCoLC)fst01236028</subfield></datafield><datafield ind1=" " ind2=" " tag="752"><subfield code="a">United States</subfield><subfield code="b">California</subfield><subfield code="c">San Bernardino</subfield><subfield code="d">Big Bear Lake.</subfield></datafield><datafield ind1="0" ind2="0" tag="780"><subfield code="t">Big Bear life &amp; the grizzly (Big Bear Lake, Calif. : 1985)</subfield><subfield code="w">(DLC)sn 94051767</subfield><subfield code="w">(OCoLC)31955993</subfield></datafield><datafield ind1=" " ind2=" " tag="936"><subfield code="a">Vol. 53, no. 10 (Dec. 1, 1993) LIC</subfield></datafield></record>